@misc{html5-spec,
  author = {W3C},
  title = "HTML5 specification",
  howpublished = "\url{http://www.w3.org/TR/html5/}",
  year = 2014,
  note = "[Online; accessed 2014-04-16]"
}

@misc{ecma-spec,
  author = {ECMA},
  title = "ECMAScript specification",
  howpublished = "\url{http://www.ecma-international.org/publications/standards/Ecma-262.htm}",
  year = 2014,
  note = "[Online; accessed 2014-04-16]"
}

@book{js-definitive,
  author = "David Flanagan",
  title = "JavaScript: The Definitive Guide",
  publisher = "O'Reilly Media",
  year = 2011
}

@misc{asm-js,
  author = {Mozilla},
  title = "asm.js",
  howpublished = "\url{http://asmjs.org/}",
  year = 2014,
  note = "[Online; accessed 2014-04-16]"
}

@misc{webgl,
  author = {Khronos Group},
  title = "WebGL 1.0 specification",
  howpublished = "\url{https://www.khronos.org/registry/webgl/specs/1.0/}",
  year = 2013,
  note = "[Online; accessed 2014-04-16]"
}

@book{game-engine,
  author = "Jason Gregory",
  title = "Game Engine Architecture",
  publisher = "A K Peters, Ltd.",
  year = 2009
}

@misc{q3-code-reviev,
  author = {Fabien Sanglard},
  title = "Quake 3 Source Code Review",
  howpublished = "\url{http://fabiensanglard.net/quake3/}",
  year = 2012,
  note = "[Online; accessed 2014-04-16]"
}

@book{algorithms-networking,
  author = "Jouni Smed, Harri Hakonen",
  title = "Algorithms and Networking for Computer Games",
  publisher = "Wiley",
  year = 2006
}

@misc{multithreaded-game-engine,
  author = {Ville Mönkkönen},
  title = "Multithreaded Game Engine Architectures",
  howpublished = "\url{http://www.gamasutra.com/view/feature/130247/multithreaded_game_engine_.php}",
  year = 2006,
  note = "[Online; accessed 2014-05-11]"
}

@misc{parallel-game-engine,
  author = {Jeff Andrews},
  title = "Designing the Framework of a Parallel Game Engine",
  howpublished = "\url{https://software.intel.com/en-us/articles/designing-the-framework-of-a-parallel-game-engine/}",
  year = 2008,
  note = "[Online; accessed 2014-05-11]"
}

@misc{bsp,
  author = {Kekoa Proudfoot},
  title = "Unofficial Quake 3 Map Specs",
  howpublished = "\url{http://www.mralligator.com/q3/}",
  year = 2000,
  note = "[Online; accessed 2014-05-28]"
}

@misc{md3,
  author = {PhaethonH},
  title = "Description of MD3 format",
  howpublished = "\url{http://www.icculus.org/~phaethon/q3/formats/md3format.html}",
  year = 2011,
  note = "[Online; accessed 2014-05-28]"
}

@misc{q3shaders,
  author = {Paul Jaquays, Brian Hook},
  title = "Quake III Arena Shader Manual",
  howpublished = "\url{http://toolz.nexuizninjaz.com/shader/}",
  year = 1999,
  note = "[Online; accessed 2014-05-28]"
}
